<?xml version="1.0" encoding="UTF-8"?><collection xmlns="http://www.loc.gov/MARC21/slim"><record><leader>00497nam--2200145-i-4500</leader><controlfield tag="001">000027222</controlfield><controlfield tag="002">20161230</controlfield><controlfield tag="005">20161230201036</controlfield><controlfield tag="008">060222s1000------------r-----000-0-eng-d</controlfield><datafield ind1=" " ind2=" " tag="080"><subfield code="a">621.039:621.311.2:621.039.5</subfield></datafield><datafield ind1=" " ind2=" " tag="100"><subfield code="a">Kowalski, A</subfield></datafield><datafield ind1=" " ind2=" " tag="245"><subfield code="a">Elektrownie jadrowe 1980 dane projektowe i eksploatacyjne. tom.2: bloki energetyczne z reaktorami wodnymi ciezkowodnymi</subfield></datafield><datafield ind1=" " ind2=" " tag="260"><subfield code="a">Jadrowa, Postepy Techniki Jadrowej, 1981, 388p</subfield></datafield><datafield ind1=" " ind2=" " tag="490"><subfield code="a">Biblioteka Postepow Techniki Jadrowej</subfield></datafield><datafield ind1=" " ind2=" " tag="852"><subfield code="a">D.2119</subfield></datafield></record></collection>